<record><leader>00000cas a22000007a 4500</leader><controlfield tag="001">46836383</controlfield><controlfield tag="008">010428d20012001inuwr ne      0    0eng d</controlfield><datafield ind1=" " ind2=" " tag="010"><subfield code="a">sn2001062806</subfield></datafield><datafield ind1=" " ind2=" " tag="040"><subfield code="a">NPI</subfield><subfield code="b">eng</subfield><subfield code="c">NPI</subfield><subfield code="d">OCLCQ</subfield><subfield code="d">OCLCF</subfield><subfield code="d">OCLCO</subfield></datafield><datafield ind1="1" ind2=" " tag="029"><subfield code="a">AU@</subfield><subfield code="b">000023304565</subfield></datafield><datafield ind1=" " ind2=" " tag="042"><subfield code="a">msc</subfield></datafield><datafield ind1=" " ind2=" " tag="043"><subfield code="a">n-us-in</subfield></datafield><datafield ind1="0" ind2="4" tag="245"><subfield code="a">The Centerville truth.</subfield></datafield><datafield ind1=" " ind2=" " tag="260"><subfield code="a">Centerville, IN :</subfield><subfield code="b">The Gad-a-bout,</subfield><subfield code="c">-2001.</subfield></datafield><datafield ind1=" " ind2=" " tag="300"><subfield code="a">v. :</subfield><subfield code="b">ill. ;</subfield><subfield code="c">43 cm.</subfield></datafield><datafield ind1=" " ind2=" " tag="310"><subfield code="a">Weekly</subfield></datafield><datafield ind1="0" ind2=" " tag="362"><subfield code="a">-v. 1, no. 33 (Oct. 18, 2001).</subfield></datafield><datafield ind1=" " ind2=" " tag="515"><subfield code="a">Vol. 1, no. 4 skipped in enumeration.</subfield></datafield><datafield ind1=" " ind2=" " tag="515"><subfield code="a">Issue for Mar. 15, 2001 not published?</subfield></datafield><datafield ind1=" " ind2=" " tag="588"><subfield code="a">Description based on: Vol. 1, no. 2 (Mar. 8, 2001).</subfield></datafield><datafield ind1=" " ind2="0" tag="651"><subfield code="a">Centerville (Wayne County, Ind.)</subfield><subfield code="v">Newspapers.</subfield></datafield><datafield ind1=" " ind2="7" tag="655"><subfield code="a">Newspapers.</subfield><subfield code="2">fast</subfield><subfield code="0">(OCoLC)fst01423814</subfield></datafield><datafield ind1=" " ind2="7" tag="651"><subfield code="a">Indiana</subfield><subfield code="z">Centerville (Wayne County)</subfield><subfield code="2">fast</subfield><subfield code="0">(OCoLC)fst01315982</subfield></datafield><datafield ind1=" " ind2=" " tag="752"><subfield code="a">United States</subfield><subfield code="b">Indiana</subfield><subfield code="c">Wayne</subfield><subfield code="d">Centerville.</subfield></datafield><datafield ind1="0" ind2="4" tag="785"><subfield code="t">Western Wayne news</subfield><subfield code="w">(DLC)sn 97068717</subfield></datafield></record>